<?xml version="1.0" encoding="UTF-8"?><collection xmlns="http://www.loc.gov/MARC21/slim"><record><leader>00435nam--2200145-i-4500</leader><controlfield tag="001">000047182</controlfield><controlfield tag="002">20161230</controlfield><controlfield tag="005">20161230201046</controlfield><controlfield tag="008">060222s1000------------r-----000-0-eng-d</controlfield><datafield ind1=" " ind2=" " tag="080"><subfield code="a">517.944</subfield></datafield><datafield ind1=" " ind2=" " tag="100"><subfield code="a">Weinberger, H.F</subfield></datafield><datafield ind1=" " ind2=" " tag="245"><subfield code="a">A first course in partial differential equations with complex variables and transform methods</subfield></datafield><datafield ind1=" " ind2=" " tag="260"><subfield code="a">Waltham, Ginn And Co., 1965, Ix+446p</subfield></datafield><datafield ind1=" " ind2=" " tag="852"><subfield code="a">37496</subfield><subfield code="c">517.9</subfield></datafield><datafield ind1=" " ind2=" " tag="CAT"><subfield code="a">Sys</subfield><subfield code="c">20081015</subfield><subfield code="h">121848</subfield></datafield></record></collection>